<record><leader>00000cas a22000007a 4500</leader><controlfield tag="001">14109136</controlfield><controlfield tag="008">860819d18761883txuwr ne      0    0eng d</controlfield><datafield ind1=" " ind2=" " tag="010"><subfield code="a">sn 86088577 </subfield></datafield><datafield ind1=" " ind2=" " tag="040"><subfield code="a">PPM</subfield><subfield code="b">eng</subfield><subfield code="c">PPM</subfield><subfield code="d">OCLCQ</subfield></datafield><datafield ind1=" " ind2=" " tag="042"><subfield code="a">msc</subfield></datafield><datafield ind1="0" ind2=" " tag="130"><subfield code="a">Corpus Christi free press (Corpus Christi, Tex. : 1876)</subfield></datafield><datafield ind1="1" ind2="0" tag="245"><subfield code="a">Corpus Christi free press.</subfield></datafield><datafield ind1=" " ind2=" " tag="260"><subfield code="a">Corpus Christi, Tex. :</subfield><subfield code="b">Maltby &amp; Merriman</subfield></datafield><datafield ind1=" " ind2=" " tag="300"><subfield code="a">v. :</subfield><subfield code="b">ill. (chiefly advertisements)</subfield></datafield><datafield ind1=" " ind2=" " tag="310"><subfield code="a">Weekly</subfield></datafield><datafield ind1="1" ind2=" " tag="362"><subfield code="a">Began in 1876?</subfield></datafield><datafield ind1=" " ind2=" " tag="580"><subfield code="a">Merged with: Sunday ledger, to form: Corpus Christi caller.</subfield></datafield><datafield ind1=" " ind2=" " tag="588"><subfield code="a">Description based on: Vol. 4, no. 29 (Sept. 22, 1880).</subfield></datafield><datafield ind1=" " ind2=" " tag="752"><subfield code="a">United States</subfield><subfield code="b">Texas</subfield><subfield code="c">Nueces</subfield><subfield code="d">Corpus Christi.</subfield></datafield><datafield ind1="1" ind2="7" tag="785"><subfield code="t">Sunday ledger</subfield></datafield><datafield ind1="1" ind2="7" tag="785"><subfield code="t">Corpus Christi caller</subfield></datafield></record>